<?xml version="1.0" encoding="UTF-8"?><record xmlns="http://www.loc.gov/MARC21/slim" xmlns:cinclude="http://apache.org/cocoon/include/1.0" xmlns:zs="http://www.loc.gov/zing/srw/">
  <leader>00376cz  a2200133n  4500</leader>
  <controlfield tag="001">n  96123765 </controlfield>
  <controlfield tag="003">DLC</controlfield>
  <controlfield tag="005">20130110075452.0</controlfield>
  <controlfield tag="008">961231n| azannaab           |a aaa      </controlfield>
  <datafield tag="010" ind1=" " ind2=" ">
    <subfield code="a">n  96123765 </subfield>
  </datafield>
  <datafield tag="040" ind1=" " ind2=" ">
    <subfield code="a">DLC</subfield>
    <subfield code="b">eng</subfield>
    <subfield code="e">rda</subfield>
    <subfield code="c">DLC</subfield>
    <subfield code="d">DLC</subfield>
  </datafield>
  <datafield tag="100" ind1="1" ind2=" ">
    <subfield code="a">Gamzatov, Rasul,</subfield>
    <subfield code="d">1923-2003.</subfield>
    <subfield code="t">Goriď¸ aď¸Ąnka.</subfield>
    <subfield code="l">Kyrgyz</subfield>
  </datafield>
  <datafield tag="400" ind1="1" ind2=" ">
    <subfield code="a">Gamzatov, Rasul,</subfield>
    <subfield code="d">1923-2003.</subfield>
    <subfield code="t">Tooluk kyz</subfield>
  </datafield>
  <datafield tag="670" ind1=" " ind2=" ">
    <subfield code="a">His Tooluk kyz</subfield>
  </datafield>
</record>